<?xml version="1.0" encoding="UTF-8"?><collection xmlns="http://www.loc.gov/MARC21/slim"><record><leader>00617nam--2200181-u-4500</leader><controlfield tag="001">000052380</controlfield><controlfield tag="002">20161230</controlfield><controlfield tag="005">20161230201050</controlfield><controlfield tag="008">100630s1000------------r-----000-0-eng-d</controlfield><datafield ind1=" " ind2=" " tag="040"><subfield code="a">IFIN-HH</subfield></datafield><datafield ind1=" " ind2=" " tag="080"><subfield code="a">531:621.7.006.6(075.9)</subfield></datafield><datafield ind1="1" ind2=" " tag="100"><subfield code="a">Prager, William</subfield></datafield><datafield ind1="1" ind2="0" tag="245"><subfield code="a">Introduction to Structural Optimization</subfield><subfield code="b">Course held at the Department of Mechanics of Solids, October 1974, Udine 1974</subfield><subfield code="c">William Prager</subfield></datafield><datafield ind1=" " ind2=" " tag="260"><subfield code="a">Wien</subfield><subfield code="b">Springer-Verlag</subfield><subfield code="c">1974</subfield></datafield><datafield ind1=" " ind2=" " tag="300"><subfield code="a">80 p</subfield></datafield><datafield ind1=" " ind2=" " tag="490"><subfield code="a">International Centre for Mechanical Science. Courses and Lectures</subfield><subfield code="v">no. 212</subfield></datafield><datafield ind1=" " ind2=" " tag="852"><subfield code="a">70225</subfield><subfield code="c">531</subfield></datafield><datafield ind1=" " ind2=" " tag="CAT"><subfield code="a">Sys</subfield><subfield code="c">20100630</subfield><subfield code="h">133534</subfield></datafield></record></collection>